<record><leader>00000cas a22000007a 4500</leader><controlfield tag="001">22228444</controlfield><controlfield tag="008">900816c19249999arudn ne      0   a0eng c</controlfield><datafield ind1=" " ind2=" " tag="010"><subfield code="a">sn 90050273 </subfield></datafield><datafield ind1=" " ind2=" " tag="040"><subfield code="a">ANU</subfield><subfield code="b">eng</subfield><subfield code="c">ANU</subfield><subfield code="d">NSD</subfield><subfield code="d">OCLCQ</subfield><subfield code="d">OCLCF</subfield><subfield code="d">OCLCO</subfield></datafield><datafield ind1=" " ind2=" " tag="012"><subfield code="m">1</subfield></datafield><datafield ind1="1" ind2=" " tag="022"><subfield code="a">1076-4801</subfield><subfield code="l">1076-4801</subfield><subfield code="2">1</subfield></datafield><datafield ind1="1" ind2=" " tag="029"><subfield code="a">AU@</subfield><subfield code="b">000025904253</subfield></datafield><datafield ind1=" " ind2=" " tag="032"><subfield code="a">045220</subfield><subfield code="b">USPS</subfield></datafield><datafield ind1=" " ind2=" " tag="037"><subfield code="b">Guard-Record, Inc., 258 W. Main St., Batesville, Ark. 72501 E</subfield></datafield><datafield ind1=" " ind2=" " tag="042"><subfield code="a">nsdp</subfield><subfield code="a">pcc</subfield></datafield><datafield ind1=" " ind2=" " tag="043"><subfield code="a">n-us-ar</subfield></datafield><datafield ind1="0" ind2=" " tag="130"><subfield code="a">Batesville guard (Batesville, Ark. : Daily)</subfield></datafield><datafield ind1=" " ind2="0" tag="222"><subfield code="a">Batesville guard</subfield><subfield code="b">(Batesville, Ark. : Daily)</subfield></datafield><datafield ind1="1" ind2="0" tag="245"><subfield code="a">Batesville guard.</subfield></datafield><datafield ind1="1" ind2="7" tag="246"><subfield code="a">Batesville daily guard</subfield><subfield code="f">Mar. 18, 1937-</subfield></datafield><datafield ind1=" " ind2=" " tag="260"><subfield code="a">Batesville, Ark. :</subfield><subfield code="b">Batesville Print. Co.</subfield></datafield><datafield ind1=" " ind2=" " tag="300"><subfield code="a">v.</subfield></datafield><datafield ind1=" " ind2=" " tag="310"><subfield code="a">Daily (except Saturday and Sunday),</subfield><subfield code="b">June 4, 1956-</subfield></datafield><datafield ind1=" " ind2=" " tag="321"><subfield code="a">Daily (except Sunday),</subfield><subfield code="b">&lt;Sept. 24, 1927&gt;-June 2, 1956</subfield></datafield><datafield ind1="1" ind2=" " tag="362"><subfield code="a">Began in 1924.</subfield></datafield><datafield ind1=" " ind2=" " tag="500"><subfield code="a">Published: Guard Record Co., &lt;Apr. 7, 1994-&gt;</subfield></datafield><datafield ind1=" " ind2=" " tag="588"><subfield code="a">Description based on: 50th year, no. 28 (Sept. 24, 1927).</subfield></datafield><datafield ind1=" " ind2=" " tag="588"><subfield code="a">Latest issue consulted: Vol. 118, no. 69 (Apr. 7, 1994).</subfield></datafield><datafield ind1=" " ind2="0" tag="651"><subfield code="a">Batesville (Ark.)</subfield><subfield code="v">Newspapers.</subfield></datafield><datafield ind1=" " ind2="7" tag="655"><subfield code="a">Newspapers.</subfield><subfield code="2">fast</subfield><subfield code="0">(OCoLC)fst01423814</subfield></datafield><datafield ind1=" " ind2="7" tag="651"><subfield code="a">Arkansas</subfield><subfield code="z">Batesville.</subfield><subfield code="2">fast</subfield><subfield code="0">(OCoLC)fst01205685</subfield></datafield><datafield ind1=" " ind2=" " tag="752"><subfield code="a">United States</subfield><subfield code="b">Arkansas</subfield><subfield code="c">Independence</subfield><subfield code="d">Batesville.</subfield></datafield><datafield ind1="0" ind2=" " tag="775"><subfield code="t">Batesville guard (Batesville, Ark. : Weekly)</subfield><subfield code="w">(DLC)sn 90050272</subfield></datafield><datafield ind1="0" ind2=" " tag="775"><subfield code="t">Batesville record</subfield><subfield code="w">(DLC)sn 90050271</subfield></datafield><datafield ind1="0" ind2="0" tag="780"><subfield code="t">Batesville daily guard</subfield><subfield code="w">(DLC)sn 90050268</subfield><subfield code="w">(OCoLC)22203596</subfield></datafield></record>